@phdthesis{hainey2010using,
  title={Using games-based learning to teach requirements collection and analysis at tertiary education level},
  author={Hainey, Thomas},
  year={2010},
  school={University of the West of Scotland}
}

@article{papastergiou2009digital,
  title={Digital game-based learning in high school computer science education: Impact on educational effectiveness and student motivation},
  author={Papastergiou, Marina},
  journal={Computers \& Education},
  volume={52},
  number={1},
  pages={1--12},
  year={2009},
  publisher={Elsevier}
}

@article{graafland2012systematic,
  title={Systematic review of serious games for medical education and surgical skills training},
  author={Graafland, Maurits and Schraagen, Jan M and Schijven, Marlies P},
  journal={British journal of surgery},
  volume={99},
  number={10},
  pages={1322--1330},
  year={2012},
  publisher={Wiley Online Library}
}

@misc{codeorg,
  title = {Code.org},
  howpublished = "\url{https://code.org/learn}",
  note = "[Online; accessed 29-August-2016]",
}

@misc{codespark,
  title = {{codeSpark}},
  howpublished = "\url{http://codespark.org}",
  note = "[Online; accessed 29-August-2016]",
}

@misc{kapiawards,
  title = {2016 {KAPi} Awards},
  howpublished = "\url{http://kapiawards.com/2016kapi/the-foos-coding-for-5}",
  note = "[Online; accessed 29-August-2016]",
}

@misc{parentschoice,
  title = {Parents' Choice Children's Media and Toy Reviews},
  howpublished = "\url{http://www.parents-choice.org/product.cfm?product_id=33236&StepNum=1&award=aw}",
  note = "[Online; accessed 29-August-2016]",
}

@misc{openfl,
  title = {Developer Spotlight: {Danny Yaroslavski}},
  howpublished = "\url{http://www.openfl.org/blog/2014/11/07/developer-spotlight-danny-yaroslavski}",
  note = "[Online; accessed 29-August-2016]",
}

@misc{picobot,
  title = {Picobot},
  howpublished = "\url{https://www.cs.hmc.edu/picobot/}",
  note = "[Online; accessed 29-August-2016]",
}

@book{pattis1981karel,
  title={Karel the robot: a gentle introduction to the art of programming},
  author={Pattis, Richard E},
  year={1981},
  publisher={John Wiley \& Sons, Inc.}
}

@misc{juiceitorloseit,
  title = {Juice it or lose it},
  howpublished = "\url{https://youtu.be/Fy0aCDmgnxg}",
  note = "[Online; accessed 29-August-2016]",
}

@article{squire2006content,
  title={From content to context: Videogames as designed experience},
  author={Squire, Kurt},
  journal={Educational researcher},
  volume={35},
  number={8},
  pages={19--29},
  year={2006},
  publisher={SAGE Publications}
}

@book{loftus1983mind,
  title={Mind at play; The psychology of video games},
  author={Loftus, Geoffrey R and Loftus, Elizabeth F},
  year={1983},
  publisher={Basic Books, Inc.}
}

@article{skinner1963operant,
  title={Operant behavior.},
  author={Skinner, Burrhus F},
  journal={American Psychologist},
  volume={18},
  number={8},
  pages={503},
  year={1963},
  publisher={American Psychological Association}
}

@misc{hopson01behavioral,
  author = {John Hopson},
  title = {Behavioral Game Design},
  howpublished = "\url{http://www.gamasutra.com/view/feature/131494/behavioral_game_design.php}",
  note = "[Online; accessed 29-August-2016]",
}

@article{frattesi2011replayability,
  title={Replayability of video games},
  author={Frattesi, Timothy and Griesbach, Douglas and Leith, Jonathan and Shaffer, Timothy and DeWinter, J},
  journal={IQP, Worcester Polytechnic Institute, Worcester},
  year={2011}
}

@article{mayer2014cognitive,
  title={Cognitive theory of multimedia learning},
  author={Mayer, Richard E},
  journal={The Cambridge handbook of multimedia learning},
  volume={43},
  year={2014},
  publisher={Cambridge University Press Cambridge}
}

@inproceedings{dann2000making,
  title={Making the connection: programming with animated small world},
  author={Dann, Wanda and Cooper, Stephen and Pausch, Randy},
  booktitle={ACM SIGCSE Bulletin},
  volume={32},
  number={3},
  pages={41--44},
  year={2000},
  organization={ACM}
}

@inproceedings{guzdial2003media,
  title={A media computation course for non-majors},
  author={Guzdial, Mark},
  booktitle={ACM SIGCSE Bulletin},
  volume={35},
  number={3},
  pages={104--108},
  year={2003},
  organization={ACM}
}

@inproceedings{naps2002exploring,
  title={Exploring the role of visualization and engagement in computer science education},
  author={Naps, Thomas L and R{\"o}{\ss}ling, Guido and Almstrum, Vicki and Dann, Wanda and Fleischer, Rudolf and Hundhausen, Chris and Korhonen, Ari and Malmi, Lauri and McNally, Myles and Rodger, Susan and others},
  booktitle={ACM Sigcse Bulletin},
  volume={35},
  number={2},
  pages={131--152},
  year={2002},
  organization={ACM}
}

@article{rieber2008games,
  title={Games, simulations, and visual metaphors in education: antagonism between enjoyment and learning},
  author={Rieber, Lloyd P and Noah, David},
  journal={Educational Media International},
  volume={45},
  number={2},
  pages={77--92},
  year={2008},
  publisher={Taylor \& Francis}
}

@article{black1998assessment,
  title={Assessment and classroom learning},
  author={Black, Paul and Wiliam, Dylan},
  journal={Assessment in Education: principles, policy \& practice},
  volume={5},
  number={1},
  pages={7--74},
  year={1998},
  publisher={Taylor \& Francis}
}

@article{bailey2005just,
  title={Just-in-time teaching for CS0},
  author={Bailey, Tammy and Forbes, Jeffrey},
  journal={ACM SIGCSE Bulletin},
  volume={37},
  number={1},
  pages={366--370},
  year={2005},
  publisher={ACM}
}

@inproceedings{simon2010experience,
  title={Experience report: peer instruction in introductory computing},
  author={Simon, Beth and Kohanfars, Michael and Lee, Jeff and Tamayo, Karen and Cutts, Quintin},
  booktitle={Proceedings of the 41st ACM technical symposium on Computer science education},
  pages={341--345},
  year={2010},
  organization={ACM}
}

@article{kiili2005digital,
  title={Digital game-based learning: Towards an experiential gaming model},
  author={Kiili, Kristian},
  journal={The Internet and higher education},
  volume={8},
  number={1},
  pages={13--24},
  year={2005},
  publisher={Elsevier}
}

@inproceedings{hicks2014building,
  title={Building games to learn from their players: Generating hints in a serious game},
  author={Hicks, Andrew and Peddycord III, Barry and Barnes, Tiffany},
  booktitle={International Conference on Intelligent Tutoring Systems},
  pages={312--317},
  year={2014},
  organization={Springer}
}

@article{romero2007educational,
  title={Educational data mining: A survey from 1995 to 2005},
  author={Romero, Cristobal and Ventura, Sebastian},
  journal={Expert systems with applications},
  volume={33},
  number={1},
  pages={135--146},
  year={2007},
  publisher={Elsevier}
}

@incollection{loh2012information,
  title={Information Trails: In-process assessment of game-based learning},
  author={Loh, Christian S},
  booktitle={Assessment in game-based learning},
  pages={123--144},
  year={2012},
  publisher={Springer}
}

@misc{unity3d,
  title = {Unity3D},
  howpublished = "\url{https://unity3d.com/}",
  note = "[Online; accessed 29-August-2016]",
}

@inproceedings{lee2012investigating,
  title={Investigating the role of purposeful goals on novices' engagement in a programming game},
  author={Lee, Michael J and Ko, Andrew J},
  booktitle={2012 IEEE Symposium on Visual Languages and Human-Centric Computing (VL/HCC)},
  pages={163--166},
  year={2012},
  organization={IEEE}
}

@book{lenning1999powerful,
  title={The Powerful Potential of Learning Communities: Improving Education for the Future. ASHE-ERIC Higher Education Report, Vol. 26, No. 6.},
  author={Lenning, Oscar T and Ebbers, Larry H},
  year={1999},
  publisher={ERIC}
}

@book{pearce2011communities,
  title={Communities of play: Emergent cultures in multiplayer games and virtual worlds},
  author={Pearce, Celia and Boellstorff, Tom and Nardi, Bonnie A},
  year={2011},
  publisher={MIT Press}
}

@inproceedings{squire2004replaying,
  title={Replaying history: engaging urban underserved students in learning world history through computer simulation games},
  author={Squire, Kurt and Barab, Sasha},
  booktitle={Proceedings of the 6th international conference on Learning sciences},
  pages={505--512},
  year={2004},
  organization={International Society of the Learning Sciences}
}

@article{bartle1996hearts,
  title={Hearts, clubs, diamonds, spades: Players who suit MUDs},
  author={Bartle, Richard},
  journal={Journal of MUD research},
  volume={1},
  number={1},
  pages={19},
  year={1996}
}

@article{ericsson1993role,
  title={The role of deliberate practice in the acquisition of expert performance.},
  author={Ericsson, K Anders and Krampe, Ralf T and Tesch-R{\"o}mer, Clemens},
  journal={Psychological review},
  volume={100},
  number={3},
  pages={363},
  year={1993},
  publisher={American Psychological Association}
}

@misc{tomorrowcorporation,
  title = {Tomorrow Corporation},
  howpublished = "\url{http://tomorrowcorporation.com/}",
  note = "[Online; accessed 29-August-2016]",
}

@book{koster2013theory,
  title={Theory of fun for game design},
  author={Koster, Raph},
  year={2013},
  publisher={"O'Reilly Media, Inc."}
}

@article{gee2003video,
  title={What video games have to teach us about learning and literacy},
  author={Gee, James Paul},
  journal={Computers in Entertainment (CIE)},
  volume={1},
  number={1},
  pages={20--20},
  year={2003},
  publisher={ACM}
}

@article{wood1976role,
  title={The role of tutoring in problem solving},
  author={Wood, David and Bruner, Jerome S and Ross, Gail},
  journal={Journal of child psychology and psychiatry},
  volume={17},
  number={2},
  pages={89--100},
  year={1976},
  publisher={Wiley Online Library}
}

@article{levy2004education,
  title={Education and the Changing Job Market.},
  author={Levy, Frank and Murnane, Richard J},
  journal={Educational leadership},
  volume={62},
  number={2},
  pages={80},
  year={2004},
  publisher={ERIC}
}

@inproceedings{gee2005good,
  title={Good video games and good learning},
  author={Gee, James Paul},
  booktitle={Phi Kappa Phi Forum},
  volume={85},
  number={2},
  pages={33},
  year={2005},
  organization={THE HONOR SOCIETY OF PHI KAPPA PHI}
}

@article{burkhardt2003engauge,
  title={enGauge 21st century skills: Literacy in the digital age},
  author={Burkhardt, Gina and Monsour, M and Valdez, G and Gunn, C and Dawson, M and Lemke, C and Coughlin, E and Thadani, V and Martin, C},
  journal={Retrieved June},
  volume={2},
  pages={2008},
  year={2003}
}

@article{dickey2005engaging,
  title={Engaging by design: How engagement strategies in popular computer and video games can inform instructional design},
  author={Dickey, Michele D},
  journal={Educational Technology Research and Development},
  volume={53},
  number={2},
  pages={67--83},
  year={2005},
  publisher={Springer}
}

@article{ladson1995toward,
  title={Toward a theory of culturally relevant pedagogy},
  author={Ladson-Billings, Gloria},
  journal={American educational research journal},
  volume={32},
  number={3},
  pages={465--491},
  year={1995},
  publisher={Sage Publications}
}

@article{rupp2010evidence,
  title={Evidence-centered design of epistemic games: Measurement principles for complex learning environments},
  author={Rupp, Andr{\'e} A and Gushta, Matthew and Mislevy, Robert J and Shaffer, David Williamson},
  journal={The Journal of Technology, Learning and Assessment},
  volume={8},
  number={4},
  year={2010}
}

@article{shute2009melding,
  title={Melding the power of serious games and embedded assessment to monitor and foster learning},
  author={Shute, Valerie J and Ventura, Matthew and Bauer, Malcolm and Zapata-Rivera, Diego},
  journal={Serious games: Mechanisms and effects},
  volume={2},
  pages={295--321},
  year={2009},
  publisher={Routledge/LEA Philadelphia, PA}
}

@article{barab2007games,
  title={Games and immersive participatory simulations for science education: an emerging type of curricula},
  author={Barab, Sasha and Dede, Chris},
  journal={Journal of Science Education and Technology},
  volume={16},
  number={1},
  pages={1--3},
  year={2007},
  publisher={Springer}
}

@article{williams2008plays,
  title={Who plays, how much, and why? Debunking the stereotypical gamer profile},
  author={Williams, Dmitri and Yee, Nick and Caplan, Scott E},
  journal={Journal of Computer-Mediated Communication},
  volume={13},
  number={4},
  pages={993--1018},
  year={2008},
  publisher={Wiley Online Library}
}

@article{esa2016facts,
  title={Essential Facts About the Computer and Video Game Industry},
  author={{Entertainment Software Association}},
  year={2016}
}

@article{davis1989user,
  title={User acceptance of computer technology: a comparison of two theoretical models},
  author={Davis, Fred D and Bagozzi, Richard P and Warshaw, Paul R},
  journal={Management science},
  volume={35},
  number={8},
  pages={982--1003},
  year={1989},
  publisher={INFORMS}
}

@book{salen2004rules,
  title={Rules of play: Game design fundamentals},
  author={Salen, Katie and Zimmerman, Eric},
  year={2004},
  publisher={MIT press}
}

@article{schreiber2008challenges,
  title={Challenges for game designers},
  author={Schreiber, Ian and Brathwaite, B},
  year={2008},
  publisher={Course Technology}
}

@article{gee2000identity,
  title={Identity as an analytic lens for research in education},
  author={Gee, James Paul},
  journal={Review of research in education},
  volume={25},
  pages={99--125},
  year={2000},
  publisher={JSTOR}
}

@phdthesis{shaffer2012online,
 title={Online and offline gaming social preferences of students},
 author={Shaffer, Jeannette R},
 year={2012},
 school={George Mason University}
}

@book{prensky2006don,
 title={Don't bother me, Mom, I'm learning!: How computer and video games are preparing your kids for 21st century success and how you can help!},
 author={Prensky, Marc},
 year={2006},
 publisher={Paragon house St. Paul, MN}
}

%---Added by Michael---%

@inproceedings{costikyan2002toward,
  title={Toward a Critical Vocabulary for Games},
  author={Costikyan, Greg and Words, I Have No and Design, I Must},
  booktitle={Computer Games and Digital Cultures Conference Proceedings},
  year={2002},
  pages={9--33}
}

@article{stenros2016review-definingGames,
author = {Stenros, Jaakko}, 
title = {The Game Definition Game: A Review},
year = {2016}, 
doi = {10.1177/1555412016655679}, 
abstract ={In this article, over 60 definitions of games since the 1930s are reviewed in order to pinpoint what those definitions agree on and, more importantly, what they disagree on. This article is conceived of as a tool game scholars can use to better position themselves in regard to the concept of “game” by working out their answers to the 10 questions regarding game definition presented in here.}, 
URL = {http://gac.sagepub.com/content/early/2016/06/29/1555412016655679.abstract}, 
eprint = {http://gac.sagepub.com/content/early/2016/06/29/1555412016655679.full.pdf+html}, 
journal = {Games and Culture} 
}

@article{arjoranta2014-gameDefinitions,
  title={Game definitions: a Wittgensteinian approach},
  author={Arjoranta, Jonne},
  journal={Game Studies},
  volume={14},
  number={1},
  year={2014}
}

@book{ellis1973-whyPlay
  title={Why People Play},
  year={1973},
  author={Ellis, M.J.},
  publisher={Prentice-Hall}
}

@book{juul2011half,
  title={Half-real: Video games between real rules and fictional worlds},
  author={Juul, Jesper},
  year={2011},
  publisher={MIT press}
}

@inproceedings{deterding2011-definingGamification,
  title={From game design elements to gamefulness: defining gamification},
  author={Deterding, Sebastian and Dixon, Dan and Khaled, Rilla and Nacke, Lennart},
  booktitle={Proceedings of the 15th international academic MindTrek conference: Envisioning future media environments},
  pages={9--15},
  year={2011},
  organization={ACM}
}
@inproceedings{deterding2011-gameElements,
  title={Gamification. using game-design elements in non-gaming contexts},
  author={Deterding, Sebastian and Sicart, Miguel and Nacke, Lennart and O'Hara, Kenton and Dixon, Dan},
  booktitle={CHI'11 Extended Abstracts on Human Factors in Computing Systems},
  pages={2425--2428},
  year={2011},
  organization={ACM}
}

@book{suits2014grasshopper,
  title={The Grasshopper-: Games, Life and Utopia},
  author={Suits, Bernard},
  year={2014},
  publisher={Broadview Press}
}

@book{caillois1961man,
  title={Man, play, and games},
  author={Caillois, Roger and Barash, Meyer},
  year={1961},
  publisher={University of Illinois Press}
}

@book{huizinga1955homo,
  title={Homo Ludens: A Study of the Play-element in Culture},
  author={Huizinga, Johan},
  year={1955},
  publisher={Beacon Press}
}

@book{castronova2008synthetic,
  title={Synthetic worlds: The business and culture of online games},
  author={Castronova, Edward},
  year={2008},
  publisher={University of Chicago press}
}

@article{yee2006labor,
  title={The labor of fun how video games blur the boundaries of work and play},
  author={Yee, Nick},
  journal={Games and Culture},
  volume={1},
  number={1},
  pages={68--71},
  year={2006},
  publisher={SAGE Publications}
}

@article{ferri2013rhetorics,
  title={Rhetorics, Simulations and Games: The Ludic and Satirical Discourse of Molleindustria},
  author={Ferri, Gabriele},
  journal={International Journal of Gaming and Computer-Mediated Simulations (IJGCMS)},
  volume={5},
  number={1},
  pages={32--49},
  year={2013},
  publisher={IGI Global}
}

@misc{molleindustria2013-defines,
  title = {Molleindustria},
  howpublished = {\url{http://www.gamedefinitions.com/}},
  note = {Accessed: 2016-07-13}
}

@article{aarseth2001-gameStudiesYearOne,
  title={Computer game studies, year one},
  author={Aarseth, Espen},
  journal={Game studies},
  volume={1},
  number={1},
  pages={1--15},
  year={2001}
}

@misc{church1999-formalAbstractDesignTools,
  author={Doug Church},
  title = {Formal Abstract Design Tools. Gamastutra, July 16, 1999},
  howpublished = {\url{http://www.gamasutra.com/view/feature/3357/formal_abstract_design_tools.php}},
  note = {Accessed: 2016-07-13}
}

@misc{meier2012-interestingChoices,
  author={Sid Meier},
  title = {Sid Meier on How to See Games as Sets of Interesting Decisions. Gamastutra, March 7, 2012},
  howpublished = {\url{http://www.gamasutra.com/view/news/164869/GDC_2012_Sid_Meier_on_how_to_see_games_as_sets_of_interesting_decisions.php}},
  note = {Accessed: 2016-07-13}
}

@book{schell2014art,
  title={The Art of Game Design: A book of lenses},
  author={Schell, Jesse},
  year={2014},
  publisher={CRC Press}
}

@inproceedings{hunicke2004mda,
  title={MDA: A formal approach to game design and game research},
  author={Hunicke, Robin and LeBlanc, Marc and Zubek, Robert},
  booktitle={Proceedings of the AAAI Workshop on Challenges in Game AI},
  volume={4},
  pages={1},
  year={2004}
}


@article{yee2006motivations,
  title={Motivations for play in online games},
  author={Yee, Nick},
  journal={CyberPsychology \& behavior},
  volume={9},
  number={6},
  pages={772--775},
  year={2006},
  publisher={Mary Ann Liebert, Inc. 2 Madison Avenue Larchmont, NY 10538 USA}
}

@ARTICLE{scott2012-monument,
	AUTHOR = "M. Scott",
	TITLE = "A Monument to the Player: Preserving a Landscape of Socio-Cultural Capital in the Transitional MMORPG",
	JOURNAL = "New Review of Hypermedia and Multimedia",
	VOLUME = {18},
	NUMBER = {4},
	PAGES = {295-320},
	MONTH = "December",
	YEAR = {2012}	
}

@inproceedings{Malmi2010review-cseResearchCharacter,
 author = {Malmi, Lauri and Sheard, Judy and Simon and Bednarik, Roman and Helminen, Juha and Korhonen, Ari and Myller, Niko and Sorva, Juha and Taherkhani, Ahmad},
 title = {Characterizing Research in Computing Education: A Preliminary Analysis of the Literature},
 booktitle = {Proceedings of the Sixth International Workshop on Computing Education Research},
 series = {ICER '10},
 year = {2010},
 isbn = {978-1-4503-0257-9},
 location = {Aarhus, Denmark},
 pages = {3--12},
 numpages = {10},
 url = {http://doi.acm.org/10.1145/1839594.1839597},
 doi = {10.1145/1839594.1839597},
 acmid = {1839597},
 publisher = {ACM},
 address = {New York, NY, USA},
 keywords = {classifying publications, computing education, research methods},
} 

@inproceedings{Malmi2014-cseResearchUnderpinnings,
 author = {Malmi, Lauri and Sheard, Judy and Simon and Bednarik, Roman and Helminen, Juha and Kinnunen, P\"{a}ivi and Korhonen, Ari and Myller, Niko and Sorva, Juha and Taherkhani, Ahmad},
 title = {Theoretical Underpinnings of Computing Education Research: What is the Evidence?},
 booktitle = {Proceedings of the Tenth Annual Conference on International Computing Education Research},
 series = {ICER '14},
 year = {2014},
 isbn = {978-1-4503-2755-8},
 location = {Glasgow, Scotland, United Kingdom},
 pages = {27--34},
 numpages = {8},
 url = {http://doi.acm.org/10.1145/2632320.2632358},
 doi = {10.1145/2632320.2632358},
 acmid = {2632358},
 publisher = {ACM},
 address = {New York, NY, USA},
 keywords = {classifying publications, computing education, research methods},
} 

@article{bandura1977self,
  title={Self-efficacy: toward a unifying theory of behavioral change.},
  author={Bandura, Albert},
  journal={Psychological review},
  volume={84},
  number={2},
  pages={191},
  year={1977},
  publisher={American Psychological Association}
}

@inproceedings{ramalingam2004self,
  title={Self-efficacy and mental models in learning to program},
  author={Ramalingam, Vennila and LaBelle, Deborah and Wiedenbeck, Susan},
  booktitle={ACM SIGCSE Bulletin},
  volume={36},
  number={3},
  pages={171--175},
  year={2004},
  organization={ACM}
}

@inproceedings{lee2011personifying,
  title={Personifying programming tool feedback improves novice programmers' learning},
  author={Lee, Michael J and Ko, Andrew J},
  booktitle={Proceedings of the seventh international workshop on Computing education research},
  pages={109--116},
  year={2011},
  organization={ACM}
}

@inproceedings{plass2009rapunsel,
  title={RAPUNSEL: Improving self-efficacy and self-esteem with an educational computer game},
  author={Plass, Jan L and Goldman, Ricki and Flanagan, Mary and Perlin, Ken},
  booktitle={Proceedings of the 17th International Conference on Computers in Education},
  pages={682--689},
  year={2009}
}

@article{pekrun2006theory-controlValueEmotions,
title        = {{The control-value theory of achievement emotions: Assumptions, corollaries, and implications for educational research and practice}},
author       = {R. Pekrun},
journal      = {Educational Psychology Review},
pages        = {315 - 341},
volume       = {18},
number       = {4},
year         = {2006}
}

@article{dweck:helplessness,
  title={An analysis of learned helplessness: Continuous changes in performance, strategy, and achievement cognitions following failure},
  author={Diener, Carol and Dweck, Carol},
  journal={Journal of Personality and Social Psychology},
  volume={36},
  number={5},
  pages={451-462},
  year={1978}
}

@ARTICLE{scott2014qexp-mindsets, 
author={Scott, Michael James and Ghinea, G.}, 
journal={IEEE Transactions on Education}, 
title={On the Domain-Specificity of Mindsets: The Relationship Between Aptitude Beliefs and Programming Practice}, 
year={2014}, 
month={Aug}, 
volume={57}, 
number={3}, 
pages={169-174}, 
doi={10.1109/TE.2013.2288700}, 
ISSN={0018-9359}
}

@INPROCEEDINGS{scott2013review-deliberatePractice,
     AUTHOR = "M. J. Scott and G. Ghinea",
     TITLE = "Educating Programmers: A Reflection on Barriers to Deliberate Practice",
     BOOKTITLE = {Proceedings of the 2nd HEA STEM Conference},
     PAGES = {28-33},
     MONTH = "April",
     ADDRESS = "Birmingham, UK",
     YEAR = {2013}   
}

@inproceedings{scott2014measuring,
  title={Measuring enrichment: the assembly and validation of an instrument to assess student self-beliefs in CS1},
  author={Scott, Michael James and Ghinea, Gheorghita},
  booktitle={Proceedings of the tenth annual conference on International computing education research},
  pages={123--130},
  year={2014},
  organization={ACM}
}

@book{dweck2006mindset,
  title={Mindset: The new psychology of success},
  author={Dweck, Carol},
  year={2006},
  publisher={Random House}
}

@article{marsh2011self,
title        = {{Academic Self-Concept and Academic Achievement: Relations and Causal Ordering}},
author       = {H. Marsh and A. Martin},
journal      = {British Journal of Educational Psychology},
pages        = {59 - 77},
volume       = {81},
number       = {1},
year         = {2011}
}

@article{shavelson1976self,
  title={Self-concept: Validation of construct interpretations},
  author={Shavelson, Richard J and Hubner, Judith J and Stanton, George C},
  journal={Review of educational research},
  volume={46},
  number={3},
  pages={407--441},
  year={1976},
  publisher={JSTOR}
}

@inproceedings{o2014brain,
  title={Brain points: a growth mindset incentive structure boosts persistence in an educational game},
  author={O'Rourke, Eleanor and Haimovitz, Kyla and Ballweber, Christy and Dweck, Carol and Popovi{\'c}, Zoran},
  booktitle={Proceedings of the 32nd annual ACM conference on Human factors in computing systems},
  pages={3339--3348},
  year={2014},
  organization={ACM}
}

@INPROCEEDINGS{scott:sigcse13,
     AUTHOR = "M. J. Scott and G. Ghinea",
     TITLE = "Integrating narrative reinforcement into the Programming Lab: Exploring the `Projective Identity' Hypothesis",
     BOOKTITLE = {Proceedings of 43rd ACM Technical Symposium on Computer Science Education},
     PAGES = {119-122},
     MONTH = "March",
     ADDRESS = "Denver, CO, USA",
     YEAR = {2013},
     DOI = {10.1145/2445196.2445237}
}

@book{vygotsky1980-seminal,
  title={Mind in society: The development of higher psychological processes},
  author={Vygotsky, Lev S},
  year={1980},
  publisher={Harvard university press}
}

%---/Added by Michael/---%
